@article{test,
author = {Last, First},
doi = {xxxx},
issn = {xxx},
journal = {ABC},
number = {1-2},
pages = {12--22},
title = {{Title}},
volume = {111},
year = {xxxx}
}
